<?xml version="1.0" encoding="UTF-8"?><collection><record><leader>03523ntm a2200481 a 4500</leader><controlfield tag="001">006805720</controlfield><controlfield tag="003">MiAaHDL</controlfield><controlfield tag="005">20190719000000.0</controlfield><controlfield tag="006">m        d        </controlfield><controlfield tag="007">cr bn ---auaua</controlfield><controlfield tag="008">090602q17uu18uuxx            00| ||per d</controlfield><datafield tag="035" ind1=" " ind2=" "><subfield code="a">(MiU)006805720</subfield></datafield><datafield tag="035" ind1=" " ind2=" "><subfield code="a">sdr-miu006805720</subfield></datafield><datafield tag="040" ind1=" " ind2=" "><subfield code="a">MiU</subfield><subfield code="c">MiU</subfield><subfield code="e">amremm</subfield></datafield><datafield tag="043" ind1=" " ind2=" "><subfield code="a">n-us-mi</subfield></datafield><datafield tag="245" ind1="0" ind2="0"><subfield code="6">880-03</subfield><subfield code="a">[Calligraphic specimen,</subfield><subfield code="f">18th or 19th century?].</subfield></datafield><datafield tag="260" ind1=" " ind2=" "><subfield code="c">[17-- or 18--?].</subfield></datafield><datafield tag="300" ind1=" " ind2=" "><subfield code="a">3 panels :</subfield><subfield code="b">paper ;</subfield><subfield code="c">255 x 180 (192 x 121) mm.</subfield></datafield><datafield tag="500" ind1=" " ind2=" "><subfield code="a">Shelfmark: Ann Arbor, University of Michigan, Special Collections Library, Isl. Ms. 278</subfield></datafield><datafield tag="500" ind1=" " ind2=" "><subfield code="a">Origin: Neither signed nor dated ; decoration, paper, etc. may suggest late 18th or 19th century, though possibly later.</subfield></datafield><datafield tag="500" ind1=" " ind2=" "><subfield code="a">Former shelfmark: "107" inscribed in pencil at opening ; "563 T. De M. [i.e. Tammaro De Marinis]" in pencil on lower pastedown.</subfield></datafield><datafield tag="500" ind1=" " ind2=" "><subfield code="a">Binding: Boards (quite stiff) covered in tan and red brown leather ; Type III binding (without flap) ; pastedowns / doublures and flyleaves in block-printed faux marbled paper (evoking shell pattern in blue, green, yellow and orange) ; upper and lower covers carry stamped mandorla (filled with symmetrical vegetal composition, compare Déroche OSd 8), pendants and cornerpieces, with tooled and gold-painted borders ; panels hinged together with brown leather ; overall in fairly good condition with minor abrasion.</subfield></datafield><datafield tag="500" ind1=" " ind2=" "><subfield code="a">Support: non-European (likely Persian) laid paper, written area well-burnished and surface-dyed shades of beige, pale yellow, etc., pieced and set in borders mainly of block-printed faux marbled paper (evoking shell pattern in blue, green, yellow and orange) and all mounted on dense boards ; border for opening panel in a true marbled paper.</subfield></datafield><datafield tag="500" ind1=" " ind2=" "><subfield code="a">Decoration: Written area surrounded by 'gold'-painted frame defined by black fillets and mounted in borders mainly of block-printed faux marbled paper.</subfield></datafield><datafield tag="500" ind1=" " ind2=" "><subfield code="a">Script: Nastaʻlīq (talik) ; large, exquisite calligraphic hand in a bold line.</subfield></datafield><datafield tag="500" ind1=" " ind2=" "><subfield code="a">Layout: Written in 4 lines per page with logograph for "سعي" under each line ; frame-ruled.</subfield></datafield><datafield tag="500" ind1=" " ind2=" "><subfield code="a">Collation: Three 'panels' (mounted leaves) hinged together with brown leather.</subfield></datafield><datafield tag="500" ind1=" " ind2=" "><subfield code="a">Incipit: "ا ب ج د ر د ر س ش ص ط ع ف ق ك ك ل م ن و ه لا ى ي ..."</subfield></datafield><datafield tag="500" ind1=" " ind2=" "><subfield code="a">Title supplied by cataloguer.</subfield></datafield><datafield tag="500" ind1=" " ind2=" "><subfield code="a">Ms. codex.</subfield></datafield><datafield tag="520" ind1="8" ind2=" "><subfield code="a">Fine album of calligraphy (muraqqaʻ / murakkaâ), namely pieces from a meşk murakkaa carrying alphabetic exercises (müfredat) through the letter sīn. Final piece incomplete with further excercises (mashq) on the reverse.</subfield></datafield><datafield tag="538" ind1=" " ind2=" "><subfield code="a">Mode of access: Internet.</subfield></datafield><datafield tag="541" ind1=" " ind2=" "><subfield code="c">Purchase ;</subfield><subfield code="a">Acquired by purchase (funds donated by Horace Rackham).</subfield><subfield code="d">1924.</subfield></datafield><datafield tag="546" ind1=" " ind2=" "><subfield code="a">Persian or Ottoman Turkish.</subfield></datafield><datafield tag="561" ind1=" " ind2=" "><subfield code="a">Inscriptions in pencil at opening "107" and lower pastedown "563 T. De M. [i.e. Tammaro De Marinis]" ; clean copy.</subfield></datafield><datafield tag="650" ind1=" " ind2="0"><subfield code="a">Manuscripts, Turkish</subfield><subfield code="z">Michigan</subfield><subfield code="z">Ann Arbor.</subfield></datafield><datafield tag="650" ind1=" " ind2="0"><subfield code="a">Manuscripts, Persian</subfield><subfield code="z">Michigan</subfield><subfield code="z">Ann Arbor.</subfield></datafield><datafield tag="650" ind1=" " ind2="0"><subfield code="a">Islamic calligraphy</subfield><subfield code="v">Specimens.</subfield></datafield><datafield tag="650" ind1=" " ind2="0"><subfield code="a">Calligraphy, Turkish</subfield><subfield code="v">Specimens.</subfield></datafield><datafield tag="650" ind1=" " ind2="0"><subfield code="a">Calligraphy, Persian</subfield><subfield code="v">Specimens.</subfield></datafield><datafield tag="700" ind1="0" ind2=" "><subfield code="a">Abdülhamid</subfield><subfield code="b">II,</subfield><subfield code="c">Sultan of the Turks,</subfield><subfield code="d">1842-1918,</subfield><subfield code="e">former owner.</subfield></datafield><datafield tag="773" ind1="0" ind2=" "><subfield code="a">Abdul Hamid Collection.</subfield></datafield><datafield tag="880" ind1="0" ind2="0"><subfield code="6">245-03/</subfield><subfield code="a">[مرقع حسن الخط,</subfield><subfield code="f">القرن 18 او 19م؟].</subfield></datafield><datafield tag="CID" ind1=" " ind2=" "><subfield code="a">006805720</subfield></datafield><datafield tag="DAT" ind1="0" ind2=" "><subfield code="a">20190719102637.0</subfield><subfield code="b">20190719000000.0</subfield></datafield><datafield tag="DAT" ind1="1" ind2=" "><subfield code="a">20190719090653.0</subfield><subfield code="b">2019-07-19T16:11:33Z</subfield></datafield><datafield tag="DAT" ind1="2" ind2=" "><subfield code="a">2015-10-02T18:00:03Z</subfield><subfield code="b">2014-04-23T20:00:03Z</subfield></datafield><datafield tag="CAT" ind1=" " ind2=" "><subfield code="a">SDR-MIU</subfield><subfield code="d">EX LIBRIS - ALEPH</subfield><subfield code="l">prepare.pl-004-008</subfield></datafield><datafield tag="FMT" ind1=" " ind2=" "><subfield code="a">BK</subfield></datafield><datafield tag="HOL" ind1=" " ind2=" "><subfield code="0">sdr-miu006805720</subfield><subfield code="a">MiU</subfield><subfield code="b">SDR</subfield><subfield code="c">MIU</subfield><subfield code="p">mdp.39015079127521</subfield><subfield code="s">MIU</subfield><subfield code="1">006805720</subfield></datafield><datafield tag="974" ind1=" " ind2=" "><subfield code="b">MIU</subfield><subfield code="c">MIU</subfield><subfield code="d">20190719</subfield><subfield code="s">lit-dlps-dc</subfield><subfield code="u">mdp.39015079127521</subfield><subfield code="y">1899</subfield><subfield code="r">pd</subfield><subfield code="q">add</subfield></datafield></record></collection>